<record><leader>00000cas a2200000 a 4500</leader><controlfield tag="001">34092495</controlfield><controlfield tag="008">960126d1uuu1974miuuu n       0    0eng c</controlfield><datafield ind1=" " ind2=" " tag="010"><subfield code="a">sn 97070598 </subfield></datafield><datafield ind1=" " ind2=" " tag="040"><subfield code="a">EYZ</subfield><subfield code="b">eng</subfield><subfield code="c">EYZ</subfield><subfield code="d">MHN</subfield><subfield code="d">OCL</subfield><subfield code="d">OCLCQ</subfield><subfield code="d">OCLCF</subfield><subfield code="d">OCLCO</subfield></datafield><datafield ind1="1" ind2=" " tag="029"><subfield code="a">AU@</subfield><subfield code="b">000013765579</subfield></datafield><datafield ind1=" " ind2=" " tag="042"><subfield code="a">pcc</subfield></datafield><datafield ind1=" " ind2=" " tag="043"><subfield code="a">n-us-mi</subfield></datafield><datafield ind1="0" ind2="4" tag="245"><subfield code="a">The Plymouth mail and observer.</subfield></datafield><datafield ind1="1" ind2="7" tag="246"><subfield code="a">Observer</subfield></datafield><datafield ind1=" " ind2=" " tag="260"><subfield code="a">Plymouth, Mich. :</subfield><subfield code="b">[s.n.],</subfield><subfield code="c">-1974.</subfield></datafield><datafield ind1=" " ind2=" " tag="300"><subfield code="a">v. :</subfield><subfield code="b">ill.</subfield></datafield><datafield ind1="0" ind2=" " tag="362"><subfield code="a">-Dec. 30, 1974.</subfield></datafield><datafield ind1=" " ind2=" " tag="500"><subfield code="a">Issue called: Plymouth Centennial ed., July 2, 1967.</subfield></datafield><datafield ind1=" " ind2=" " tag="504"><subfield code="a">Bibliographic information taken from partial issue.</subfield></datafield><datafield ind1=" " ind2=" " tag="588"><subfield code="a">Description based on: July 2, 1967.</subfield></datafield><datafield ind1=" " ind2="0" tag="651"><subfield code="a">Plymouth (Mich.)</subfield><subfield code="v">Newspapers.</subfield></datafield><datafield ind1=" " ind2="0" tag="651"><subfield code="a">Wayne County (Mich.)</subfield><subfield code="v">Newspapers.</subfield></datafield><datafield ind1=" " ind2="7" tag="655"><subfield code="a">Newspapers.</subfield><subfield code="2">fast</subfield><subfield code="0">(OCoLC)fst01423814</subfield></datafield><datafield ind1=" " ind2="7" tag="651"><subfield code="a">Michigan</subfield><subfield code="z">Plymouth.</subfield><subfield code="2">fast</subfield><subfield code="0">(OCoLC)fst01219865</subfield></datafield><datafield ind1=" " ind2="7" tag="651"><subfield code="a">Michigan</subfield><subfield code="z">Wayne County.</subfield><subfield code="2">fast</subfield><subfield code="0">(OCoLC)fst01206628</subfield></datafield><datafield ind1=" " ind2=" " tag="752"><subfield code="a">United States</subfield><subfield code="b">Michigan</subfield><subfield code="c">Wayne</subfield><subfield code="d">Plymouth.</subfield></datafield></record>